<record><leader>00000cas a2200000 a 4500</leader><controlfield tag="001">13799746</controlfield><controlfield tag="008">860630c19779999miudn ne      0   a0eng c</controlfield><datafield ind1=" " ind2=" " tag="010"><subfield code="a">sn 90005737 </subfield></datafield><datafield ind1=" " ind2=" " tag="040"><subfield code="a">EXH</subfield><subfield code="b">eng</subfield><subfield code="c">EXH</subfield><subfield code="d">NSD</subfield><subfield code="d">MHN</subfield><subfield code="d">OCL</subfield><subfield code="d">OCLCQ</subfield><subfield code="d">NVF</subfield><subfield code="d">OCLCQ</subfield><subfield code="d">OCLCF</subfield><subfield code="d">OCLCO</subfield></datafield><datafield ind1="1" ind2=" " tag="022"><subfield code="a">1050-4044</subfield><subfield code="l">1050-4044</subfield><subfield code="2">1</subfield></datafield><datafield ind1="1" ind2=" " tag="029"><subfield code="a">AU@</subfield><subfield code="b">000020579570</subfield></datafield><datafield ind1="1" ind2=" " tag="029"><subfield code="a">NZ1</subfield><subfield code="b">16075599</subfield></datafield><datafield ind1=" " ind2=" " tag="032"><subfield code="a">247340</subfield><subfield code="b">USPS</subfield></datafield><datafield ind1=" " ind2=" " tag="037"><subfield code="b">Holland Sentinel, 54 W. 8th St., Holland, MI 49423</subfield></datafield><datafield ind1=" " ind2=" " tag="042"><subfield code="a">nsdp</subfield><subfield code="a">pcc</subfield></datafield><datafield ind1=" " ind2="4" tag="222"><subfield code="a">The Holland sentinel</subfield><subfield code="b">(1977)</subfield></datafield><datafield ind1="0" ind2="4" tag="245"><subfield code="a">The Holland sentinel.</subfield></datafield><datafield ind1="1" ind2=" " tag="246"><subfield code="i">Published on Sundays as:</subfield><subfield code="a">Holland Sunday sentinel</subfield></datafield><datafield ind1=" " ind2=" " tag="260"><subfield code="a">Holland, Mich. :</subfield><subfield code="b">Holland Sentinel,</subfield><subfield code="c">1977-</subfield></datafield><datafield ind1=" " ind2=" " tag="300"><subfield code="a">v.</subfield></datafield><datafield ind1=" " ind2=" " tag="310"><subfield code="a">Daily (except Christmas),</subfield><subfield code="b">Sept. 10, 1989-</subfield></datafield><datafield ind1=" " ind2=" " tag="321"><subfield code="a">Daily (except Sunday, Thanksgiving and Christmas),</subfield><subfield code="b">1977-Sept. 9, 1989</subfield></datafield><datafield ind1="0" ind2=" " tag="362"><subfield code="a">81st year., no. 228 (Apr. 1, 1977)-</subfield></datafield><datafield ind1=" " ind2="0" tag="651"><subfield code="a">Holland (Mich.)</subfield><subfield code="v">Newspapers.</subfield></datafield><datafield ind1=" " ind2="0" tag="651"><subfield code="a">Ottawa County (Mich.)</subfield><subfield code="v">Newspapers.</subfield></datafield><datafield ind1=" " ind2="7" tag="655"><subfield code="a">Newspapers.</subfield><subfield code="2">fast</subfield><subfield code="0">(OCoLC)fst01423814</subfield></datafield><datafield ind1=" " ind2="7" tag="651"><subfield code="a">Michigan</subfield><subfield code="z">Holland.</subfield><subfield code="2">fast</subfield><subfield code="0">(OCoLC)fst01217530</subfield></datafield><datafield ind1=" " ind2="7" tag="651"><subfield code="a">Michigan</subfield><subfield code="z">Ottawa County.</subfield><subfield code="2">fast</subfield><subfield code="0">(OCoLC)fst01214763</subfield></datafield><datafield ind1=" " ind2=" " tag="752"><subfield code="a">United States</subfield><subfield code="b">Michigan</subfield><subfield code="c">Ottawa</subfield><subfield code="d">Holland.</subfield></datafield><datafield ind1="0" ind2="0" tag="780"><subfield code="t">Holland evening sentinel</subfield><subfield code="w">(DLC)sn 85038712</subfield><subfield code="w">(OCoLC)13440201</subfield></datafield><datafield ind1=" " ind2=" " tag="936"><subfield code="a">95th year, no. 275 (Apr. 18, 1990) LIC</subfield></datafield></record>